@book{bringhurst1996ets,
  title={{The Elements of Typographic Style}},
  author={Bringhurst, Robert},
  year={1996},
  publisher={Hartley \& Marks}
}

@article{solar_variable,
author={Sayeef, S. and Heslop, S. and Cornforth, D. and Moore, T. and Percy, S. and Ward, J. and
Berry, A. and and Rowe, D.},
title={{Solar Intermittency: Australia’s Clean Energy Challenge: Characterising the Effect of High Penetration
Solar Intermittency on Australian Electricity Networks}},
year={2012} ,
publisher={CSIRO Sydney, Australia}
}


@article{Borkowski1977,
title={{Cloud effects on middle ultraviolet global radiation.}},
author={Borkowski, J. and A.-T., Chai and T., Mo and A. E. O., Green},
year={1977} ,
publisher={Acta Geophysica Polonica},
pages={287–301},
volume={25},
number ={4}
}


@article{Sabburg1998,
title={{Evaluation of a Ground-Based Sky Camera System for Use in Surface Irradiance Measurement}},
author={Sabburg, J. and Wong, J.},
year={1998} ,
publisher={Journal of atmospheric and oceanic technology},
pages={752–759},
volume={16}
}

@article{nwp13,
title={{Comparison of numerical weather prediction solar irradiance forecasts in the US, Canada and Europe}},
author={Perez, R. and Lorenz, E. and Pelland, S. and Beauharnois, M. and Van Knowe, G. and
Hemler Jr., K. and Heinemann, D. and Remund, J. and Müller, S. C. and Traunmüller, W. and Steinmauer, G. and Pozo, D. and Ruiz-Arias, J. A. and Lara-
Fanego, V. and Ramirez-Santigosa, L. and Gaston-Romero, M. and Pomares, L. M.},
year={2013} ,
publisher={Sol. Energy},
pages={305–326},
volume={94},
doi={10.1016/j.solener.2013.05.005}
}

@article{sat_based13,
title={{Satellite-based irradiance and power forecasting for the German energy market}},
author={Kühnert, J. and Lorenz, E. and Heinemann, D.},
year={2013} ,
publisher={Solar Energy Forecasting and Resource Assessment, Elsevier Ltd., Boston, MA},
pages={504}
}

@article{sat_based2004,
title={{Short-term forecasting of solar radiation based on satellite data}},
author={Lorenz, E. and Heinemann, D. and Hammer, A},
year={2004} ,
publisher={Proceedings of EuroSun 2004,  20–23 June 2004, Freiburg, Germany},
pages={841–848}
}

@article{sat_based99,
title={{Shortterm forecasting of solar radiation: a statistical approach using satellite data}},
author={Hammer, A. and Heinemann, D. and Lorenz, E. and Lückehe, B.},
year={1999} ,
publisher={Sol. Energy},
pages={139–150},
volume={67},
doi={10.1016/S0038-092X(00)00038-4}
}

@article{stat_based13,
title={{Statistical learning for short-term photovoltaic power predictions}},
author={Wolff, B. and Lorenz, E. and Kramer, O.},
year={2013} ,
publisher={Proceedings of DARE 2013 Workshop on Data Analytics for Renewable Energy Integration, 23–27 September 2013, Praque, Czech Republic,
available at: http://www.ecmlpkdd2013.org/wp-content/
uploads/2013/09/dare2013_paper1_wolff.pdf (last access: 1 August
2015)}
}

@article{time_serise09,
title={{Predicting solar radiation at high resolutions: a comparison of time series forecasts}},
author={Reikard, G.},
year={2009} ,
publisher={Sol. Energy},
pages={342–349},
volume={83},
doi={10.1016/j.solener.2008.08.007}
}

@article{cloud_height14,
title={{Solar irradiance forecasting using spatiotemporal empirical kriging and vector autoregressive models with parameter shrinkage}},
author={Yang, D. and Dong, Z. and Reindl, T. and Jirutitijaroen, P. and Walsh, W. M.},
year={2014} ,
publisher={Sol. Energy},
pages={550–562},
volume={103},
doi={10.1016/j.solener.2014.01.024}
}

@article{point_forecast14,
title={{Short-term irradiance forecasting using skycams: motivation and development}},
author={West, S. R. and Rowe, D. and Sayeef, S. and Berry, A.},
year={2014} ,
publisher={Sol. Energy},
pages={188–207},
volume={110},
doi={10.1016/j.solener.2014.08.038}
}

@article{areosal1,
title={{Retrieval of the optical depth using an all-sky CCD camera}},
author={Olmo, F. J. and Cazorla, A. and Alados-Arboledas, L. and Lopez-Alvarez, M. A. and Hernandez-Andres, J. and Romero, J.},
year={2008} ,
publisher={Appl. Optics},
pages={182–189},
volume={47}
}

@phdthesis{areosal2,
title={{Development of a Sky Imager for Cloud Classification and Aerosol Characterization}},
author={Cazorla, A.},
school={Universidad de Granada},
year={2010}, 
address={Granada, Spain},
note={PhD thesis}
}


@article{cloud_cover03,
title={{Cloud coverage based on all-sky imaging and its impact on surface solar irradiance}},
author={Pfister, G. and McKenzie, R. L. and Liley, J. B. and Thomas, A. and Forgan, B. W. and Long, C. N.},
year={2003} ,
publisher={J. Appl. Meteorol},
pages={1421–1434},
volume={42},
doi={10.1175/1520-0450(2003)042<1421:CCBOAI>2.0.CO;2}
}

@article{cloud_cover08,
title={{Development of a sky imager for cloud cover assessment}},
author={Cazorla, A. and Olmo, F. J. and Alados-Arboledas, L.},
year={2008} ,
publisher={J. Opt. Soc. Am. A},
pages={29–39},
volume={25},
doi={10.1364/JOSAA.25.000029}
}

@article{survay1,
title={{Solar forecasting methods for renewable energy integration, Prog. Energ}},
author={Inman, R. H. and Pedro, H. T. C. and Coimbra, C. F. M.},
year={2013} ,
publisher={Prog. Energ. Combust.},
pages={535–576},
volume={39},
doi={10.1016/j.pecs.2013.06.002}
}

@article{survay2,
title={{Prediction of solar irradiance and photovoltaic power}},
author={Lorenz, E. and Heinemann, D.},
year={2012} ,
publisher={Elsevier Ltd., Oxford, UK},
pages={239–292},
volume={1}
}


@article{tSchmidt15,
title={{Retrieving direct and diffuse radiation with the use of sky imager pictures}},
author={Schmidt, T. and Kalisch, J. and Lorenz, E},
year={2015} ,
publisher={European Geosciences Union General Assembly EGU, Vienna},
pages={12-17},
volume={17}
}

@article{tSchmidt_latest,
title={{Evaluating the spatio-temporal performance of sky-imager-based solar irradiance analysis and forecasts}},
author={Schmidt, T. and Kalisch, J. and Lorenz, E. and Heinemann D.},
year={2016} ,
publisher={Atmospheric Chemistry and Physics},
pages={3399-3412},
volume={16}
}

@article{romania_paper,
title={{Cloudy sky irradiance model using sky images}},
author={Tapakis, R. and Charalambides, A.G. and Moldovan, M.D. and Burduhos, B.G.},
year={2015} ,
publisher={14th World Renewable Energy Congress}
}

@TECHREPORT{romania_report,
title={{Effect of clouds on solar irradiance}},
INSTITUTION ={Universitatea Transilvania din Braşov},
author={Tapakis, R. and Charalambides, A.G. and Moldovan, M.D. and Burduhos, B.G.},
year={2015} 
}